<?xml version="1.0" encoding="UTF-8"?><collection xmlns="http://www.loc.gov/MARC21/slim"><record><leader>00454nam--2200145-i-4500</leader><controlfield tag="001">000020165</controlfield><controlfield tag="002">20161230</controlfield><controlfield tag="005">20161230201033</controlfield><controlfield tag="008">060222s1000------------r-----000-0-eng-d</controlfield><datafield ind1=" " ind2=" " tag="080"><subfield code="a">51-73</subfield></datafield><datafield ind1=" " ind2=" " tag="100"><subfield code="a">Deltheil, Robert</subfield></datafield><datafield ind1=" " ind2=" " tag="245"><subfield code="a">Tehniques mathematiques de la physiques. analyse vectorielle.complements sur l'integration series de fourier</subfield></datafield><datafield ind1=" " ind2=" " tag="260"><subfield code="a">Paris, J.B.Bailliere Et Fils, 1965. Viii + 237 P</subfield></datafield><datafield ind1=" " ind2=" " tag="852"><subfield code="a">75382</subfield></datafield><datafield ind1=" " ind2=" " tag="CAT"><subfield code="a">Sys</subfield><subfield code="c">20080421</subfield><subfield code="h">135341</subfield></datafield></record></collection>